    @BOOK{Pravidla,
      author =       "{Kolektiv autorù}",
      title =        "Pravidla èeského pravopisu",
      publisher =    "Academia",
      year =         "2005",
      note =         "ISBN~80-200-1327-X",
    }
    
   @MISC{IntelArk,
      author =       "Intel",  
      title =        "ARK",
      publisher =    "Intel",
      year =         "[quot. 2013-11-15]",
      howpublished=  "{\tt http://ark.intel.com}",
   }

   @MISC{IntelDRNGGuide,
      author =       "Intel",  
      title =        "Intel Digital Random Number Generator (DRNG) Software Implementation Guide",
      publisher =    "Intel",
      year =         "[quot. 2013-11-15]",
      howpublished=  "{\tt http://software.intel.com/en-us/articles/intel-digital-random-number-generator-drng-software-implementation-guide}",
   }
   
   @MISC{IntelSWManualVol1,
      author =       "Intel",  
      title =        "Intel 64 and IA-32 Architectures Software Developer's Manual, Volume 1: Basic Architecture",
      publisher =    "Intel",
      year =         "2013",
      note =         "Order~Number:~253665-047US",
      howpublished=  "{\tt http://download.intel.com/products/processor/manual/253665.pdf}",
   }
   @MISC{IntelDRNGAnalysis,
      author =       "Eliana Penzner",  
      title =        "Digital Random Number Generator (DRNG) Analysis Project",
      publisher =    "Intel",
      year =         "2013",
      howpublished=  "{\tt http://software.intel.com/en-us/articles/digital-random-number-generator-drng-analysis-project}",
   }
   
   @MISC{TheodoreTsoNSA,
      author =       "Theodore Ts'o",  
      title =        "Theodore Ts'o's post on Google plus after relevations of extend of NSA spying",
      year =         "posted 5-9-2013",
      howpublished=  "{\tt https://plus.google.com/+TheodoreTso/posts/SDcoemc9V3J}",
   }
   
   @MISC{StackoverflowRDRANDCharacteristics,
      author =       "David Johnston",  
      title =        "What are the exhaustion characteristics of RDRAND on Ivy Bridge?",
      year =         "[quot. 2013-11-16]",
      howpublished=  "{\tt http://stackoverflow.com/a/14443763}",
   }
